<?xml version="1.0" encoding="UTF-8"?><record xmlns="http://www.loc.gov/MARC21/slim" xmlns:cinclude="http://apache.org/cocoon/include/1.0" xmlns:zs="http://www.loc.gov/zing/srw/">
  <leader>00537nz  a2200133n  4500</leader>
  <controlfield tag="001">no2009028057</controlfield>
  <controlfield tag="003">DLC</controlfield>
  <controlfield tag="005">20090226082209.0</controlfield>
  <controlfield tag="008">090224n| acannaabn          |n aaa     c</controlfield>
  <datafield tag="010" ind1=" " ind2=" ">
    <subfield code="a">no2009028057</subfield>
  </datafield>
  <datafield tag="035" ind1=" " ind2=" ">
    <subfield code="a">(OCoLC)oca08024941</subfield>
  </datafield>
  <datafield tag="040" ind1=" " ind2=" ">
    <subfield code="a">UkCU</subfield>
    <subfield code="b">eng</subfield>
    <subfield code="c">UkCU</subfield>
  </datafield>
  <datafield tag="100" ind1="1" ind2=" ">
    <subfield code="a">Holmes, Neil</subfield>
  </datafield>
  <datafield tag="670" ind1=" " ind2=" ">
    <subfield code="a">The lawless coast, 2008:</subfield>
    <subfield code="b">t.p. (Neil Holmes) p. facing t.p. (landscape and garden photographer; educated at Soham Grammar School, Cambridgeshire and the Univ. of Leicester; gained a degree in history in the 1960s; has lived in Norfolk since 1990)</subfield>
  </datafield>
</record>